<?xml version="1.0" encoding="UTF-8"?><collection xmlns="http://www.loc.gov/MARC21/slim"><record><leader>00383nam--2200133-i-4500</leader><controlfield tag="001">000006030</controlfield><controlfield tag="002">20161230</controlfield><controlfield tag="005">20170221233150</controlfield><controlfield tag="008">060222s1000------------r-----000-0-eng-d</controlfield><datafield ind1=" " ind2=" " tag="100"><subfield code="a">Durrschnabel, Wolfgang</subfield></datafield><datafield ind1=" " ind2=" " tag="245"><subfield code="a">Untersuchungen im system zirkonium-sauerstoff (teza de doctorat)</subfield></datafield><datafield ind1=" " ind2=" " tag="260"><subfield code="a">Stuttgart</subfield><subfield code="b">Technische Hochschule</subfield><subfield code="c">1961</subfield></datafield><datafield ind1=" " ind2=" " tag="300"><subfield code="a">32 p</subfield></datafield><datafield ind1=" " ind2=" " tag="CAT"><subfield code="a">SYS</subfield><subfield code="c">20170221</subfield><subfield code="h">233150</subfield></datafield></record></collection>